@incollection{
year={2007},
isbn={978-3-540-77003-9},
booktitle={Algorithms and Models for the Web-Graph},
volume={4863},
series={Lecture Notes in Computer Science},
editor={Bonato, Anthony and Chung, FanR.K.},
doi={10.1007/978-3-540-77004-6_11},
title={Random Dot Product Graph Models for Social Networks},
url={http://dx.doi.org/10.1007/978-3-540-77004-6_11},
publisher={Springer Berlin Heidelberg},
author={Young, StephenJ. and Scheinerman, EdwardR.},
pages={138-149},
language={English}
}
@ARTICLE{2014PLoSO...997584P,
   author = {{Pavlovic}, D.~M. and {V{\'e}rtes}, P.~E. and {Bullmore}, E.~T. and 
    {Schafer}, W.~R. and {Nichols}, T.~E.},
    title = "{Stochastic Blockmodeling of the Modules and Core of the Caenorhabditis elegans Connectome}",
  journal = {PLoS ONE},
     year = 2014,
    month = jul,
   volume = 9,
    pages = {97584},
      doi = {10.1371/journal.pone.0097584},
   adsurl = {http://adsabs.harvard.edu/abs/2014PLoSO...997584P},
  adsnote = {Provided by the SAO/NASA Astrophysics Data System}
}

