@article{cammoun2012mapping,
  title={Mapping the human connectome at multiple scales with diffusion spectrum MRI},
  author={Cammoun, Leila and Gigandet, Xavier and Meskaldji, Djalel and Thiran, Jean Philippe and Sporns, Olaf and Do, Kim Q and Maeder, Philippe and Meuli, Reto and Hagmann, Patric},
  journal={Journal of neuroscience methods},
  volume={203},
  number={2},
  pages={386--397},
  year={2012},
  publisher={Elsevier}
}

@article{crossley2014hubs,
  title={The hubs of the human connectome are generally implicated in the anatomy of brain disorders},
  author={Crossley, Nicolas A and Mechelli, Andrea and Scott, Jessica and Carletti, Francesco and Fox, Peter T and McGuire, Philip and Bullmore, Edward T},
  journal={Brain},
  volume={137},
  number={8},
  pages={2382--2395},
  year={2014},
  publisher={Oxford Univ Press}
}
