%% This BibTeX bibliography file was created using BibDesk.
%% http://bibdesk.sourceforge.net/


%% Created for Elan Hourticolon-Retzler at 2015-05-14 23:51:57 -0400 


%% Saved with string encoding Unicode (UTF-8) 



@misc{faq-code,
	Author = {Joshua Vogelstein},
	Date-Added = {2015-05-15 03:49:40 +0000},
	Date-Modified = {2015-05-15 03:51:43 +0000},
	Title = {FastApproximateQAP},
	Url = {https://github.com/jovo/MatGraphStat/tree/master/FastApproximateQAP},
	Urldate = {2013}}

@misc{seeded-code,
	Author = {C.E. Priebe},
	Date-Added = {2015-05-15 03:49:03 +0000},
	Date-Modified = {2015-05-15 03:51:55 +0000},
	Title = {Seeded Graph Matching},
	Url = {http://www.cis.jhu.edu/~parky/SGM/},
	Urldate = {2012}}

@book{matrix-cookbook,
	Author = {Kaare Brandt Petersen, Michael Syskind Pedersen},
	Date-Added = {2015-05-15 03:18:13 +0000},
	Date-Modified = {2015-05-15 03:43:42 +0000},
	Publisher = {Technical University of Denmark},
	Title = {The Matrix Cookbook},
	Year = {2012}}

@article{seeded,
	Author = {Donniell E. Fishkind, Sancar Adali, Carey E. Priebe},
	Date-Added = {2015-05-15 03:17:44 +0000},
	Date-Modified = {2015-05-15 03:43:16 +0000},
	Journal = {ArXiv},
	Title = {Seeded Graph Matching},
	Year = {2012}}

@article{faq,
	Author = {Joshua Vogelstein --  John Conroy -- Vince Lyzinski -- Louis Podrazik  -- Steven Kratzer -- Eric Harley -- Donniell Fishkind -- Jacob Vogelstein -- Carey Priebe},
	Date-Added = {2015-05-15 03:16:16 +0000},
	Date-Modified = {2015-05-15 03:45:30 +0000},
	Journal = {ArXiv},
	Title = {Fast Approximate Quadratic Programming for Large (Brain) Graph Matching},
	Year = {2014}}
